<record xmlns="http://www.loc.gov/MARC21/slim" xmlns:xsi="http://www.w3.org/2001/XMLSchema-instance" xsi:schemaLocation="http://www.loc.gov/MARC21/slim http://www.loc.gov/standards/marcxml/schema/MARC21slim.xsd"><leader>00714nz   2200145n  4500</leader><controlfield tag="001">oca03701915 </controlfield><controlfield tag="005">19941019103849.0</controlfield><controlfield tag="008">941003n| acannaab           |n aaa     c</controlfield><datafield ind1=" " ind2=" " tag="010"><subfield code="a">no 94034791 </subfield></datafield><datafield ind1=" " ind2=" " tag="040"><subfield code="a">ODaU</subfield><subfield code="c">ODaU</subfield></datafield><datafield ind1="0" ind2=" " tag="100"><subfield code="a">Amphilochius,</subfield><subfield code="c">Saint, Bishop of Iconium,</subfield><subfield code="d">fl. 373-394</subfield></datafield><datafield ind1=" " ind2=" " tag="670"><subfield code="a">Thesaurus Amphilochii Iconiensis, 1994:</subfield><subfield code="b">p. vii (Amphiloque, évêque d'Iconium en Cappadoce (373/374-398/404))</subfield></datafield><datafield ind1=" " ind2=" " tag="670"><subfield code="a">Oxford Dict. of the Christian Church, 1974</subfield><subfield code="b">(Amphilochius, St. (c. 340-395), Bp. of Iconium from 373)</subfield></datafield><datafield ind1=" " ind2=" " tag="670"><subfield code="a">New Cath. Enc., c1967</subfield><subfield code="b">(Amphilochius of Iconium, in Pisidia; b. Caesarea, ca. 340; d. after 394)</subfield></datafield><datafield ind1=" " ind2=" " tag="670"><subfield code="a">LC in OCLC, 8/26/94</subfield><subfield code="b">(hdg.: Amphilochius, Saint. Bp. of Iconium, fl. 373-394)</subfield></datafield></record>